@article{eisert2010colloquium,
  title={Colloquium: Area laws for the entanglement entropy},
  author={Eisert, Jens and Cramer, Marcus and Plenio, Martin B},
  journal={Reviews of Modern Physics},
  volume={82},
  number={1},
  pages={277--306},
  year={2010}
}

@article{lieb1972finite,
  title={The finite group velocity of quantum spin systems},
  author={Lieb, Elliott H and Robinson, Derek W},
  journal={Communications in Mathematical Physics},
  volume={28},
  number={3},
  pages={251--257},
  year={1972}
}

@article{knill1997theory,
  title={Theory of quantum error-correcting codes},
  author={Knill, Emanuel and Laflamme, Raymond},
  journal={Physical Review A},
  volume={55},
  number={2},
  pages={900--911},
  year={1997}
}

@book{nielsen2010quantum,
  title={Quantum Computation and Quantum Information},
  author={Nielsen, Michael A and Chuang, Isaac L},
  edition={10th Anniversary},
  year={2010},
  publisher={Cambridge University Press}
}

@article{pastawski2015holographic,
  title={Holographic quantum error-correcting codes: Toy models for the bulk/boundary correspondence},
  author={Pastawski, Fernando and Yoshida, Beni and Harlow, Daniel and Preskill, John},
  journal={Journal of High Energy Physics},
  volume={2015},
  number={6},
  pages={149},
  year={2015}
}

@article{hastings2006spectral,
  title={Spectral gap and exponential decay of correlations},
  author={Hastings, Matthew B and Koma, Tohru},
  journal={Communications in Mathematical Physics},
  volume={265},
  number={3},
  pages={781--804},
  year={2006}
}
