
@article{Pastawski2015,
  title={Holographic quantum error-correcting codes: Toy models for the bulk/boundary correspondence},
  author={Pastawski, Fernando and Yoshida, Beni and Harlow, Daniel and Preskill, John},
  journal={JHEP},
  year={2015}
}

@article{GottesmanQEC,
  title={An introduction to quantum error correction},
  author={Gottesman, Daniel},
  journal={Proc. Symposia in Applied Mathematics},
  year={2010}
}

@article{GrossQCA,
  title={Index theory of one dimensional quantum walks and cellular automata},
  author={Gross, David and Nesme, Vincent and Vogts, Holger and Werner, Reinhard F.},
  journal={Comm. Math. Phys.},
  year={2012}
}
